@online{half-precision_floating-point_format,
    author = "Wikipedia",
    title = "Half-precision floating-point format",
    url  = "https://en.wikipedia.org/wiki/Half-precision_floating-point_format",
    addendum = "(accessed: 06.06.2024)",
    keywords = "wikipedia"
}

@online{single-precision_floating-point_format,
    author = "Wikipedia",
    title = "Single-precision floating-point format",
    url  = "https://en.wikipedia.org/wiki/Single-precision_floating-point_format",
    addendum = "(accessed: 06.06.2024)",
    keywords = "wikipedia"
}

@online{double-precision_floating-point_format,
    author = "Wikipedia",
    title = "Single-precision floating-point format",
    url  = "https://en.wikipedia.org/wiki/Double-precision_floating-point_format",
    addendum = "(accessed: 06.06.2024)",
    keywords = "wikipedia"
}
