@misc{wikipedia:Approximation,
  author = {Wikipedia contributors},
  title = {Approximation},
  year = {2024},
  howpublished = {\url{https://en.wikipedia.org/wiki/Approximation}},
  note = {[Online; accessed 20-June-2024]}
}

@misc{wikipedia:Pi,
  author = {Wikipedia contributors},
  title = {Pi},
  year = {2024},
  howpublished = {\url{https://en.wikipedia.org/wiki/Pi}},
  note = {[Online; accessed 20-June-2024]}
}

@misc{wikipedia:History_of_mathematics,
  author = {Wikipedia contributors},
  title = {History of mathematics},
  year = {2024},
  howpublished = {\url{https://en.wikipedia.org/wiki/History_of_mathematics}},
  note = {[Online; accessed 20-June-2024]}
}

@misc{wikipedia:Chinese_mathematics,
  author = {Wikipedia contributors},
  title = {Chinese mathematics},
  year = {2024},
  howpublished = {\url{https://en.wikipedia.org/wiki/Chinese_mathematics}},
  note = {[Online; accessed 20-June-2024]}
}

@misc{wikipedia:Madhava_of_Sangamagrama,
  author = {Wikipedia contributors},
  title = {Madhava of Sangamagrama},
  year = {2024},
  howpublished = {\url{https://en.wikipedia.org/wiki/Madhava_of_Sangamagrama}},
  note = {[Online; accessed 20-June-2024]}
}

@misc{wikipedia:Jamshid_al-Kashi,
  author = {Wikipedia contributors},
  title = {Jamshid al-Kashi},
  year = {2024},
  howpublished = {\url{https://en.wikipedia.org/wiki/Jamshid_al-Kashi}},
  note = {[Online; accessed 20-June-2024]}
}

@misc{wikipedia:Ludolph_van_Ceulen,
  author = {Wikipedia contributors},
  title = {Ludolph van Ceulen},
  year = {2024},
  howpublished = {\url{https://en.wikipedia.org/wiki/Ludolph_van_Ceulen}},
  note = {[Online; accessed 20-June-2024]}
}

@misc{wikipedia:Jurij_Vega,
  author = {Wikipedia contributors},
  title = {Jurij Vega},
  year = {2024},
  howpublished = {\url{https://en.wikipedia.org/wiki/Jurij_Vega}},
  note = {[Online; accessed 20-June-2024]}
}


@misc{wikipedia:Euclidean_geometry,
  author = {Wikipedia contributors},
  title = {Euclidean geometry},
  year = {2024},
  howpublished = {\url{https://en.wikipedia.org/wiki/Euclidean_geometry}},
  note = {[Online; accessed 20-June-2024]}
}

@misc{wikipedia:Circumference,
  author = {Wikipedia contributors},
  title = {Circumference},
  year = {2024},
  howpublished = {\url{https://en.wikipedia.org/wiki/Circumference}},
  note = {[Online; accessed 20-June-2024]}
}

@misc{wikipedia:Diameter,
  author = {Wikipedia contributors},
  title = {Diameter},
  year = {2024},
  howpublished = {\url{https://en.wikipedia.org/wiki/Diameter}},
  note = {[Online; accessed 20-June-2024]}
}

@misc{wikipedia:Gaussian_integral,
  author = {Wikipedia contributors},
  title = {Gaussian integral},
  year = {2024},
  howpublished = {\url{https://en.wikipedia.org/wiki/Gaussian_integral}},
  note = {[Online; accessed 20-June-2024]}
}

@misc{wikipedia:Roots_of_unity,
  author = {Wikipedia contributors},
  title = {Roots of unity},
  year = {2024},
  howpublished = {\url{https://en.wikipedia.org/wiki/Root_of_unity}},
  note = {[Online; accessed 20-June-2024]}
}

@misc{wikipedia:Cauchy_distribution,
  author = {Wikipedia contributors},
  title = {Cauchy distribution},
  year = {2024},
  howpublished = {\url{https://en.wikipedia.org/wiki/Cauchy_distribution}},
  note = {[Online; accessed 20-June-2024]}
}

@misc{wikipedia:Probability,
  author = {Wikipedia contributors},
  title = {Probability},
  year = {2024},
  howpublished = {\url{https://en.wikipedia.org/wiki/Probability}},
  note = {[Online; accessed 20-June-2024]}
}
