@online{NASA,
    author = "NASA/JPL Edu",
    title = "How Many Decimals of Pi Do We Really Need?",
    url  = "https://www.jpl.nasa.gov/edu/news/2016/3/16/how-many-decimals-of-pi-do-we-really-need/",
    addendum = "(accessed: 26.06.2024)",
    keywords = "nasa"
}

@online{Leibniz,
    author = "Ranjan Roy",
    title = "The Discovery of the Series Formula for π by Leibniz, Gregory and Nilakantha",
    url  = "http://users.uoa.gr/~apgiannop/Sources/Roy-pi.pdf",
    addendum = "(accessed: 26.06.2024)",
    keywords = "Leibniz"
}

@online{Gauß-Legendre,
    author = "Lorenz Milla",
    title = "Easy Proof of Three Recursive π-Algorithms -- Einfacher Beweis dreier rekursiver π-Algorithmen",
    url  = "https://arxiv.org/abs/1907.04110",
    addendum = "(accessed: 26.06.2024)",
    keywords = "Gauß-Legendre"
}

@online{Chronology,
    author = "Wikipedia",
    title = "Chronology of computation of π",
    url  = "https://en.wikipedia.org/wiki/Chronology_of_computation_of_%CF%80",
    addendum = "(accessed: 26.06.2024)",
    keywords = "Chronology"
}

@online{Cauchy,
    author = "Wikipedia",
    title = "Cauchy distribution",
    url  = "https://en.wikipedia.org/wiki/Cauchy_distribution",
    addendum = "(accessed: 27.06.2024)",
    keywords = "Cauchy"
}
